@article{Covello1985,
   author = {Vincent T. Covello and Jeryl Mumpower},
   doi = {10.1111/j.1539-6924.1985.tb00159.x},
   issn = {0272-4332},
   issue = {2},
   journal = {Risk Analysis},
   month = {6},
   title = {Risk Analysis and Risk Management: An Historical Perspective},
   volume = {5},
   year = {1985},
}

@misc{ISO2018,
   author = {ISO},
   title = {ISO 31000:2018 Risk management - Guidelines},
   year = {2018}
}

@misc{Paulsen2019,
   author = {Celia Paulsen and Robert Byers},
   city = {Gaithersburg, MD},
   doi = {10.6028/NIST.IR.7298r3},
   institution = {National Institute of Standards and Technology},
   month = {7},
   title = {Glossary of key information security terms},
   year = {2019},
}

@article{Sheppard2013,
   author = {Ben Sheppard and Mary Crannell and Jeff Moulton},
   doi = {10.1007/s10669-013-9474-1},
   issn = {2194-5403},
   issue = {4},
   journal = {Environment Systems and Decisions},
   month = {12},
   title = {Cyber first aid: proactive risk management and decision-making},
   volume = {33},
   year = {2013},
}

@article{Solms2013,
   author = {Rossouw von Solms and Johan van Niekerk},
   doi = {10.1016/j.cose.2013.04.004},
   issn = {01674048},
   journal = {Computers \& Security},
   month = {10},
   title = {From information security to cyber security},
   volume = {38},
   year = {2013},
}

@article{Marvell2015,
   author = {S. Marvell},
   doi = {10.1093/itnow/bwv097},
   issn = {1746-5702},
   issue = {4},
   journal = {ITNOW},
   month = {12},
   title = {Real-Time Cyber Security Risk Management},
   volume = {57},
   year = {2015},
}

@article{Jouini2014,
   author = {Mouna Jouini and Latifa Ben Arfa Rabai and Anis Ben Aissa},
   doi = {10.1016/j.procs.2014.05.452},
   issn = {18770509},
   journal = {Procedia Computer Science},
   title = {Classification of Security Threats in Information Systems},
   volume = {32},
   year = {2014},
}

@article{Furnell2017,
   author = {Steven Furnell and David Emm},
   doi = {10.1016/S1361-3723(17)30089-1},
   issn = {13613723},
   issue = {10},
   journal = {Computer Fraud \& Security},
   month = {10},
   title = {The ABC of ransomware protection},
   volume = {2017},
   year = {2017},
}

@article{Khraisat2019,
   author = {Ansam Khraisat and Iqbal Gondal and Peter Vamplew and Joarder Kamruzzaman},
   doi = {10.1186/s42400-019-0038-7},
   issn = {2523-3246},
   issue = {1},
   journal = {Cybersecurity},
   month = {12},
   title = {Survey of intrusion detection systems: techniques, datasets and challenges},
   volume = {2},
   year = {2019},
}

@article{Vielberth2020,
   author = {Manfred Vielberth and Fabian Bohm and Ines Fichtinger and Gunther Pernul},
   doi = {10.1109/ACCESS.2020.3045514},
   issn = {2169-3536},
   journal = {IEEE Access},
   title = {Security Operations Center: A Systematic Study and Open Challenges},
   volume = {8},
   year = {2020},
}

@misc{Cichonski2012,
   author = {Paul Cichonski and Tom Millar and Tim Grance and Karen Scarfone},
   city = {Gaithersburg, MD},
   doi = {10.6028/NIST.SP.800-61r2},
   institution = {National Institute of Standards and Technology},
   month = {8},
   title = {Computer Security Incident Handling Guide: Recommendations of the National Institute of Standards and Technology},
   year = {2012},
}

@inproceedings{Mooi2015,
   author = {Roderick Mooi and Reinhardt A. Botha},
   doi = {10.1109/ISSA.2015.7335057},
   isbn = {978-1-4799-7755-0},
   journal = {2015 Information Security for South Africa (ISSA)},
   month = {8},
   pages = {1-8},
   publisher = {IEEE},
   title = {Prerequisites for building a Computer Security Incident Response capability},
   year = {2015},
}

@article{Ruefle2014,
   author = {Robin Ruefle and Audrey Dorofee and David Mundie and Allen D. Householder and Michael Murray and Samuel J. Perl},
   doi = {10.1109/MSP.2014.89},
   issn = {1540-7993},
   issue = {5},
   journal = {IEEE Security \& Privacy},
   month = {9},
   pages = {16-26},
   title = {Computer Security Incident Response Team Development and Evolution},
   volume = {12},
   year = {2014},
}

@inproceedings{Ioannou2019,
   author = {Marios Ioannou and Eliana Stavrou and Maria Bada},
   doi = {10.1109/CyberSecPODS.2019.8885240},
   isbn = {978-1-7281-0229-0},
   journal = {2019 International Conference on Cyber Security and Protection of Digital Services (Cyber Security)},
   month = {6},
   pages = {1-4},
   publisher = {IEEE},
   title = {Cybersecurity Culture in Computer Security Incident Response Teams: Investigating difficulties in communication and coordination},
   year = {2019},
}

@inproceedings{Reid2014,
   author = {Rayne Reid and Johan Van Niekerk},
   doi = {10.1109/ISSA.2014.6950492},
   isbn = {978-1-4799-3384-6},
   journal = {2014 Information Security for South Africa},
   month = {8},
   pages = {1-7},
   publisher = {IEEE},
   title = {From information security to cyber security cultures},
   year = {2014},
}
@inproceedings{RONCHI2019,
   author = {Alfredo M. RONCHI},
   doi = {10.23919/ISTAFRICA.2019.8764870},
   isbn = {978-1-905824-63-2},
   journal = {2019 IST-Africa Week Conference (IST-Africa)},
   month = {5},
   pages = {1-10},
   publisher = {IEEE},
   title = {Fostering the Culture of Cyber Security},
   year = {2019},
}

@inproceedings{Debatty2019,
   author = {Thibault Debatty and Wim Mees},
   doi = {10.1109/ICMCIS.2019.8842802},
   isbn = {978-1-5386-9383-4},
   journal = {2019 International Conference on Military Communications and Information Systems (ICMCIS)},
   month = {5},
   pages = {1-6},
   publisher = {IEEE},
   title = {Building a Cyber Range for training CyberDefense Situation Awareness},
   year = {2019},
}

@inproceedings{Subasu2017,
   author = {Georgiana Subasu and Livia Rosu and Ion Badoi},
   doi = {10.1109/ECAI.2017.8166396},
   isbn = {978-1-5090-6457-1},
   journal = {2017 9th International Conference on Electronics, Computers and Artificial Intelligence (ECAI)},
   month = {6},
   pages = {1-4},
   publisher = {IEEE},
   title = {Modeling and simulation architecture for training in cyber defence education},
   year = {2017},
}

@inproceedings{Aoyama2015,
   author = {Tomomi Aoyama and Hidemasa Naruoka and Ichiro Koshijima and Wataru Machii and Kohei Seki},
   doi = {10.1109/ASCC.2015.7244713},
   isbn = {978-1-4799-7862-5},
   journal = {2015 10th Asian Control Conference (ASCC)},
   month = {5},
   pages = {1-4},
   publisher = {IEEE},
   title = {Studying resilient cyber incident management from large-scale cyber security training},
   year = {2015},
}
@inproceedings{Ostby2019,
   author = {Grethe Ostby and Kieren Nicolas Lovell and Basel Katt},
   doi = {10.1109/CSCI49370.2019.00010},
   isbn = {978-1-7281-5584-5},
   journal = {2019 International Conference on Computational Science and Computational Intelligence (CSCI)},
   month = {12},
   pages = {14-19},
   publisher = {IEEE},
   title = {EXCON Teams in Cyber Security Training},
   year = {2019},
}
@inproceedings{Clark2015,
   author = {Daniel J. Clark},
   doi = {10.1109/MilCIS.2015.7348940},
   isbn = {978-1-4673-7007-3},
   journal = {2015 Military Communications and Information Systems Conference (MilCIS)},
   month = {11},
   pages = {1-4},
   publisher = {IEEE},
   title = {An onion approach to cyber warfare training},
   year = {2015},
}

@inproceedings{Karjalainen2020,
   author = {Mika Karjalainen and Tero Kokkonen},
   doi = {10.1109/EuroSPW51379.2020.00011},
   isbn = {978-1-7281-8597-2},
   journal = {2020 IEEE European Symposium on Security and Privacy Workshops (EuroS&PW)},
   month = {9},
   note = {post cyber range, cyber range evoluto },
   pages = {11-16},
   publisher = {IEEE},
   title = {Comprehensive Cyber Arena; The Next Generation Cyber Range},
   year = {2020},
}

@article{Ogut2011,
   author = {Hulisi Öğüt and Srinivasan Raghunathan and Nirup Menon},
   doi = {10.1111/j.1539-6924.2010.01478.x},
   issn = {02724332},
   issue = {3},
   journal = {Risk Analysis},
   month = {3},
   title = {Cyber Security Risk Management: Public Policy Implications of Correlated Risk, Imperfect Ability to Prove Loss, and Observability of Self-Protection},
   volume = {31},
   year = {2011},
}
@article{Siegel2002,
   author = {Carol A. Siegel and Ty R. Sagalow and Paul Serritella},
   doi = {10.1201/1086/43322.11.4.20020901/38843.5},
   issn = {1065-898X},
   issue = {4},
   journal = {Information Systems Security},
   month = {9},
   note = {<br/>},
   title = {Cyber-Risk Management: Technical and Insurance Controls for Enterprise-Level Security},
   volume = {11},
   year = {2002},
}

@report{Shevchenko2018,
   author = {Nataliya Shevchenko and Timothy A Chick and Paige O'riordan and Thomas Patrick Scanlon and Carol Woody},
   keywords = {Carnegie Mellon University,Software Engineering Institute},
   title = {THREAT MODELING: A SUMMARY OF AVAILABLE METHODS},
   year = {2018},
}

@report{NIST2018,
   author = {NIST},
   city = {Gaithersburg, MD},
   doi = {10.6028/NIST.CSWP.04162018},
   institution = {National Institute of Standards and Technology},
   month = {4},
   title = {Framework for Improving Critical Infrastructure Cybersecurity, Version 1.1},
   year = {2018},
}

@report{CISSAP2015,
   author = {CIS-Sapienza},
   isbn = {9788894137316},
   institution = {Italian Cyber Security Report},
   title = {Un Framework Nazionale per la Cyber Security},
   year = {2015},
}

@report{CISSAP2019,
   author = {CIS-Sapienza},
   title = {Framework Nazionale per la Cybersecurity e la Data Protection},
   url = {http://www.cybersecurityframework.it},
   year = {2019},
}

@report{CISSAP2016,
   author = {CIS-Sapienza},
   isbn = {9788894137323},
   title = {Italian Cybersecurity Report - Controlli Essenziali di Cybersecurity},
   year = {2016},
}

@report{ISO/IEC2018,
   author = {ISO/EIC},
   title = {ISO/IEC 27005:2018 - Information technology - Security techniques - Information security management systems - Overview and vocabulary},
   url = {www.iso.org/iso/foreword.html.},
   year = {2018},
}

@article{Nair2019,
   author = {Meghna Manoj Nair and Amit Kumar Tyagi and Richa Goyal},
   doi = {10.1016/j.procs.2020.01.059},
   issn = {18770509},
   journal = {Procedia Computer Science},
   pages = {647-655},
   title = {Medical Cyber Physical Systems and Its Issues},
   volume = {165},
   year = {2019},
}
@article{Dey2018,
   author = {Nilanjan Dey and Amira S. Ashour and Fuqian Shi and Simon James Fong and João Manuel R. S. Tavares},
   doi = {10.1007/s10916-018-0921-x},
   issn = {0148-5598},
   issue = {4},
   journal = {Journal of Medical Systems},
   month = {4},
   pages = {74},
   title = {Medical cyber-physical systems: A survey},
   volume = {42},
   year = {2018},
}

@inproceedings{Djenna2018,
   author = {Amir Djenna and Diamel Eddine Saidouni},
   doi = {10.1109/CSNET.2018.8602974},
   isbn = {978-1-5386-7045-3},
   journal = {2018 2nd Cyber Security in Networking Conference (CSNet)},
   month = {10},
   pages = {1-4},
   publisher = {IEEE},
   title = {Cyber Attacks Classification in IoT-Based-Healthcare Infrastructure},
   year = {2018},
}

@inproceedings{Khadija2021,
   author = {Khadija Abu Ali and Sarah Alyounis},
   doi = {10.1109/ICIT52682.2021.9491669},
   isbn = {978-1-6654-2870-5},
   journal = {2021 International Conference on Information Technology (ICIT)},
   month = {7},
   pages = {695-701},
   publisher = {IEEE},
   title = {CyberSecurity in Healthcare Industry},
   year = {2021},
}
@inproceedings{Rajamaki2018,
   author = {Jyri Rajamaki and Julia Nevmerzhitskaya and Csaba Virag},
   doi = {10.1109/EDUCON.2018.8363488},
   isbn = {978-1-5386-2957-4},
   journal = {2018 IEEE Global Engineering Education Conference (EDUCON)},
   month = {4},
   pages = {2042-2046},
   publisher = {IEEE},
   title = {Cybersecurity education and training in hospitals: Proactive resilience educational framework (Prosilience EF)},
   year = {2018},
}

@article{Kandasamy2022,
   author = {Kamalanathan Kandasamy and Sethuraman Srinivas and Krishnashree Achuthan and Venkat P Rangan},
   doi = {10.1109/ACCESS.2022.3145372},
   issn = {2169-3536},
   journal = {IEEE Access},
   pages = {1-1},
   title = {Digital Healthcare - Cyberattacks in Asian Organizations: An Analysis of Vulnerabilities, Risks, NIST perspectives, and Recommendations},
   year = {2022},
}

@inproceedings{Dogaru2017,
   author = {Delia Ioana Dogaru and Ioan Dumitrache},
   doi = {10.1109/EHB.2017.7995449},
   isbn = {978-1-5386-0358-1},
   journal = {2017 E-Health and Bioengineering Conference (EHB)},
   month = {6},
   publisher = {IEEE},
   title = {Cyber security in healthcare networks},
   year = {2017},
}

@inproceedings{Hovhannisyan2021,
   author = {Kristine Hovhannisyan and Piotr Bogacki and Consuelo Assunta Colabuono and Domenico Lofu and Maria Vittoria Marabello and Brady Eugene Maxwell},
   doi = {10.1109/CyberSA52016.2021.9478255},
   isbn = {978-1-6654-2529-2},
   journal = {2021 International Conference on Cyber Situational Awareness, Data Analytics and Assessment (CyberSA)},
   month = {6},
   pages = {1-9},
   publisher = {IEEE},
   title = {Towards a Healthcare Cybersecurity Certification Scheme},
   year = {2021},
}
@inproceedings{Coppolino2019,
   author = {Luigi Coppolino and Salvatore D'Antonio and Luigi Romano and Luigi Sgaglione and Mario Magliulo and Roberto Pacelli},
   doi = {10.1109/SITIS.2019.00065},
   isbn = {978-1-7281-5686-6},
   journal = {2019 15th International Conference on Signal-Image Technology & Internet-Based Systems (SITIS)},
   month = {11},
   publisher = {IEEE},
   title = {Protecting Critical Business Processes of Smart Hospitals from Cyber Attacks},
   year = {2019},
}
@inproceedings{Hautamaki2020,
   author = {Jari Hautamaki and Tero Kokkonen},
   doi = {10.1109/ICECCE49384.2020.9179175},
   isbn = {978-1-7281-7116-6},
   journal = {2020 International Conference on Electrical, Communication, and Computer Engineering (ICECCE)},
   month = {6},
   pages = {1-5},
   publisher = {IEEE},
   title = {Model for Cyber Security Information Sharing in Healthcare Sector},
   year = {2020},
}

@inproceedings{Johnson2012,
   author = {C.W. Johnson and Y. He},
   doi = {10.1049/cp.2012.1507},
   isbn = {978-1-84919-678-9},
   journal = {7th IET International Conference on System Safety, incorporating the Cyber Security Conference 2012},
   publisher = {Institution of Engineering and Technology},
   title = {Generic security cases for information system security in healthcare systems},
   year = {2012},
}

@report{CLUSIF2010,
   author = {CLUSIF},
   title = {MEHARI - Risk analysis and treatment Guide - Club de la Sécurité de l'Information Français},
   url = {http://meharipedia.x10host.com/wp/wp-content/uploads/2016/12/MEHARI-2010-Risk-Analysis-and-Treatment-Guide.pdf},
   year = {2010},
}

@web_page{Williams2022,
   author = {Jeff Williams},
   title = {OWASP Risk Rating Methodology},
   url = {https://owasp.org/www-community/OWASP_Risk_Rating_Methodology},
   year = {2022},
}

@article{ANSSI2019,
   author = {ANSSI},
   title = {EBIOS Risk Manager},
   year = {2019},
}

@report{SCF2021,
   author = {SCF},
   keywords = {SCF Recommended Practices},
   title = {SCF Recommended Practices (2021.1)},
   url = {www.SecureControlsFramework.com},
   year = {2021},
}

